@ARTICLE{hf06001,
  author={Wallace, G.K.},
  journal={IEEE Transactions on Consumer Electronics}, 
  title={The JPEG still picture compression standard}, 
  year={1992},
  volume={38},
  number={1},
  pages={xviii-xxxiv},
  keywords={Transform coding;Image coding;Digital images;Image storage;Standards development;ISO standards;Gray-scale;Displays;Costs;Facsimile},
  doi={10.1109/30.125072}}

@ARTICLE{hf06002,
  author={Skodras, A. and Christopoulos, C. and Ebrahimi, T.},
  journal={IEEE Signal Processing Magazine}, 
  title={The JPEG 2000 still image compression standard}, 
  year={2001},
  volume={18},
  number={5},
  pages={36-58},
  keywords={Transform coding;Image coding;ISO standards;IEC standards;Standardization;Wavelet transforms;Quantization;Entropy coding;Scalability;Resilience},
  doi={10.1109/79.952804}}

@BOOK{hf06003,
  author    = {David S. Taubman and Michael W. Marcellin},
  title     = {JPEG2000 Image Compression Fundamentals, Standards and Practice},
  series    = {The Springer International Series in Engineering and Computer Science},
  publisher = {Springer},
  year      = {2001},
  edition   = {1},
  isbn      = {978-0-7923-7519-7},
  doi       = {10.1007/978-1-4615-0799-4},
  url       = {https://doi.org/10.1007/978-1-4615-0799-4},
  pages     = {xxi, 777},
  address   = {New York, NY},
  note      = {Kluwer Academic Publishers, Copyright 2002}
}

@ARTICLE{hf06004,
  author={Sullivan, Gary J. and Ohm, Jens-Rainer and Han, Woo-Jin and Wiegand, Thomas},
  journal={IEEE Transactions on Circuits and Systems for Video Technology}, 
  title={Overview of the High Efficiency Video Coding (HEVC) Standard}, 
  year={2012},
  volume={22},
  number={12},
  pages={1649-1668},
  keywords={Video coding;ISO standards;Video compression;MPEG 4 Standard;MPEG standards;Advanced video coding (AVC);H.264;High Efficiency Video Coding (HEVC);Joint Collaborative Team on Video Coding (JCT-VC);Moving Picture Experts Group (MPEG);MPEG-4;standards;Video Coding Experts Group (VCEG);video compression},
  doi={10.1109/TCSVT.2012.2221191}}

@ARTICLE{hf06005,
  author={Wiegand, T. and Sullivan, G.J. and Bjontegaard, G. and Luthra, A.},
  journal={IEEE Transactions on Circuits and Systems for Video Technology}, 
  title={Overview of the H.264/AVC video coding standard}, 
  year={2003},
  volume={13},
  number={7},
  pages={560-576},
  keywords={Automatic voltage control;Video coding;IEC standards;ISO standards;Standardization;Video compression;MPEG standards;Telephony;Multimedia communication;Broadcasting},
  doi={10.1109/TCSVT.2003.815165}}

@BOOK{hf06006,
  title={Digital Image Compression Techniques},
  author={Rabbani, M. and Jones, P.W.},
  isbn={9780819406484},
  lccn={91007509},
  series={Books in the Spie Tutorial Texts Series},
  url={https://books.google.hu/books?id=IxrjpbNH2XAC},
  year={1991},
  publisher={Spie Optical Engineering Press}
}

@ARTICLE{hf06007,
  author={Ma, Haichuan and Liu, Dong and Xiong, Ruiqin and Wu, Feng},
  journal={IEEE Transactions on Multimedia}, 
  title={iWave: CNN-Based Wavelet-Like Transform for Image Compression}, 
  year={2020},
  volume={22},
  number={7},
  pages={1667-1679},
  keywords={Wavelet transforms;Image coding;Wavelet analysis;Task analysis;Kernel;Quantization (signal);Convolutional neural network (CNN);image compression;lifting scheme;wavelet transform},
  doi={10.1109/TMM.2019.2957990}}

@article{hf06008,
  title={End-to-end optimized image compression},
  author={Ball{\'e}, Johannes and Laparra, Valero and Simoncelli, Eero P},
  journal={arXiv preprint arXiv:1611.01704},
  year={2016}
}

@inproceedings{hf06009,
  title={Conditional probability models for deep image compression},
  author={Mentzer, Fabian and Agustsson, Eirikur and Tschannen, Michael and Timofte, Radu and Van Gool, Luc},
  booktitle={Proceedings of the IEEE Conference on Computer Vision and Pattern Recognition},
  pages={4394--4402},
  year={2018}
}

@article{hf06010,
  title={Lossy image compression with compressive autoencoders},
  author={Theis, Lucas and Shi, Wenzhe and Cunningham, Andrew and Husz{\'a}r, Ferenc},
  journal={arXiv preprint arXiv:1703.00395},
  year={2017}
}

@inproceedings{hf06011,
  title={Real-time adaptive image compression},
  author={Rippel, Oren and Bourdev, Lubomir},
  booktitle={International Conference on Machine Learning},
  pages={2922--2930},
  year={2017},
  organization={PMLR}
}

@article{hf06012,
  title={Variable rate image compression with recurrent neural networks},
  author={Toderici, George and O'Malley, Sean M and Hwang, Sung Jin and Vincent, Damien and Minnen, David and Baluja, Shumeet and Covell, Michele and Sukthankar, Rahul},
  journal={arXiv preprint arXiv:1511.06085},
  year={2015}
}

@inproceedings{hf06013,
  title={Improved lossy image compression with priming and spatially adaptive bit rates for recurrent networks},
  author={Johnston, Nick and Vincent, Damien and Minnen, David and Covell, Michele and Singh, Saurabh and Chinen, Troy and Hwang, Sung Jin and Shor, Joel and Toderici, George},
  booktitle={Proceedings of the IEEE conference on computer vision and pattern recognition},
  pages={4385--4393},
  year={2018}
}

@article{hf06014,
  title={Generating high fidelity images with subscale pixel networks and multidimensional upscaling},
  author={Menick, Jacob and Kalchbrenner, Nal},
  journal={arXiv preprint arXiv:1812.01608},
  year={2018}
}

@inproceedings{hf06015,
  title={Variable rate deep image compression with a conditional autoencoder},
  author={Choi, Yoojin and El-Khamy, Mostafa and Lee, Jungwon},
  booktitle={Proceedings of the IEEE/CVF International Conference on Computer Vision},
  pages={3146--3154},
  year={2019}
}


@InProceedings{hf06016,
  title = 	 {Rethinking Lossy Compression: The Rate-Distortion-Perception Tradeoff},
  author =       {Blau, Yochai and Michaeli, Tomer},
  booktitle = 	 {Proceedings of the 36th International Conference on Machine Learning},
  pages = 	 {675--685},
  year = 	 {2019},
  editor = 	 {Chaudhuri, Kamalika and Salakhutdinov, Ruslan},
  volume = 	 {97},
  series = 	 {Proceedings of Machine Learning Research},
  month = 	 {09--15 Jun},
  publisher =    {PMLR},
  pdf = 	 {http://proceedings.mlr.press/v97/blau19a/blau19a.pdf},
  url = 	 {https://proceedings.mlr.press/v97/blau19a.html}
}

@ARTICLE{hf06017,
  author={Bross, Benjamin and Wang, Ye-Kui and Ye, Yan and Liu, Shan and Chen, Jianle and Sullivan, Gary J. and Ohm, Jens-Rainer},
  journal={IEEE Transactions on Circuits and Systems for Video Technology}, 
  title={Overview of the Versatile Video Coding (VVC) Standard and its Applications}, 
  year={2021},
  volume={31},
  number={10},
  pages={3736-3764},
  keywords={Standards;Streaming media;Encoding;Decoding;Transform coding;High efficiency video coding;Tools;Video coding;video compression;standards;H.266;VVC;H.265;HEVC;MPEG;VCEG;JVET},
  doi={10.1109/TCSVT.2021.3101953}}

@ARTICLE{hf06018,
  author={Chen, Tong and Liu, Haojie and Ma, Zhan and Shen, Qiu and Cao, Xun and Wang, Yao},
  journal={IEEE Transactions on Image Processing}, 
  title={End-to-End Learnt Image Compression via Non-Local Attention Optimization and Improved Context Modeling}, 
  year={2021},
  volume={30},
  number={},
  pages={3179-3191},
  keywords={Image coding;Context modeling;Three-dimensional displays;Transforms;Transform coding;Correlation;Complexity theory;Learnt image compression;non-local network;attention mechanism;conditional probability prediction;variable-rate model},
  doi={10.1109/TIP.2021.3058615}}

@ARTICLE{hf06019,
  author={Sullivan, G.J. and Wiegand, T.},
  journal={Proceedings of the IEEE}, 
  title={Video Compression - From Concepts to the H.264/AVC Standard}, 
  year={2005},
  volume={93},
  number={1},
  pages={18-31},
  keywords={Video compression;Automatic voltage control;Delay;Video codecs;Video coding;Bit rate;Code standards;Wireless application protocol;Source coding;Decoding;Advanced Video Coding (AVC);compression;H.264;H.26x;Joint Video Team (JVT);Moving Picture Experts Group (MPEG);MPEG-4;standards;video;video coding;video compression;Video Coding Experts Group (VCEG)},
  doi={10.1109/JPROC.2004.839617}}

@inproceedings{hf06020,
  title={Full resolution image compression with recurrent neural networks},
  author={Toderici, George and Vincent, Damien and Johnston, Nick and Jin Hwang, Sung and Minnen, David and Shor, Joel and Covell, Michele},
  booktitle={Proceedings of the IEEE conference on Computer Vision and Pattern Recognition},
  pages={5306--5314},
  year={2017}
}

@misc{dataset_kodak,
  author       = {Kodak Research Laboratories},
  title        = {Kodak Image Suite},
  year         = {2024},
  howpublished = {\url{https://www.kaggle.com/datasets/sherylmehta/kodak-dataset}},
  note         = {Accessed: Nov. 2024}
}

@misc{github_repo,
  author       = {Kiss Istv√°n},
  title        = {Image Compression Formats},
  year         = {2024},
  howpublished = {\url{https://github.com/istvan404/ImageCompressionFormats}},
  note         = {Accessed: Dec. 2024}
}
